<?xml version="1.0" encoding="UTF-8"?><collection xmlns="http://www.loc.gov/MARC21/slim"><record><leader>00466nam--2200145-i-4500</leader><controlfield tag="001">000024470</controlfield><controlfield tag="002">20161230</controlfield><controlfield tag="005">20161230201035</controlfield><controlfield tag="008">060222s1000------------r-----000-0-eng-d</controlfield><datafield ind1=" " ind2=" " tag="080"><subfield code="a">621.375.826(063)</subfield></datafield><datafield ind1=" " ind2=" " tag="100"><subfield code="a">Evans, Gary A</subfield></datafield><datafield ind1=" " ind2=" " tag="245"><subfield code="a">Laser and laser systems reliability</subfield></datafield><datafield ind1=" " ind2=" " tag="260"><subfield code="a">Washington, The International Society For Optical Engineering, 1982.Vi + 104p</subfield></datafield><datafield ind1=" " ind2=" " tag="490"><subfield code="a">Proceedings Of Spie-the International Society For Optical Engineering</subfield></datafield><datafield ind1=" " ind2=" " tag="852"><subfield code="a">72483</subfield></datafield></record></collection>